% Fragment książki (np. zakres stron).
@inbook{goleman,
    author      = "Daniel Goleman",
    title       = "Emotional Intelligence",
    publisher   = "Bantam Books",
    year        = "1995"
}

@misc{affectiva,
    author       = "Rana el Kaliouby",
    title        = "Affectiva",
    howpublished = "[Online] Available (29.06.2023): \url{https://www.affectiva.com}",
    year         = "2023"
}